@Book{Lehman201x,
title={Mathematics for Computer Science},
author={Eric Lehman and Tom Leighton and Albert R Meyer},
publisher={unpublished notes for class MIT 6.042},
year=2017,
isbn={\texttt{https://courses.csail.mit.edu/6.042/fall17/mcs.pdf}}
}

@book{AignerG99, 
author = {Martin Aigner  and  G{\"u}nter M.},
title = {Proofs from {T}he {B}ook},
xxx-NOTE = {Including illustrations by Karl H. Hofmann,
              Corrected reprint of the 1998 original},
publisher = {Springer-Verlag},
   xxx-address = {Berlin},
      year = {1999},
     pages = {viii+199},
      isbn = {3-540-63698-6},
   mrclass = {00A05 (05-XX 11-00)},
  mrnumber = {1723092 (2000k:00001)},
mrreviewer = {E. J. Barbeau},
note = {MR1723092},
}

@Book{Apostol67,
title={Calculus, Vol. 1},
author={Tom M. Apostol},
publisher={Wiley \& Sons},
year=1967,
isbn={0-471-00005-1}
}


@Book{BachS96,
title={Efficient Algorithms},
series={Algorithmic Number Theory},
volume=1,
author={Eric Bach and Jeffrey Shallit},
publisher={The MIT Press},
year=1996,
isbn={0-262-02405-5}
}

@Article{Beam17,
title={A Powerful Method of Proof},
author={John Beam},
journal={College Mathematics Journal},
year={2017},
volume= {48},
number = 1,
date = {January},
pages={52-54}
}

@Book{Bender05,
title={A Short Course in Discrete Mathematics},
author={Edward A. Bender and S. Gill Williamson},
publisher={Dover Publications},
year=2005,
isbn={0-486-43946-1}
}


@Book{BenjaminQ03,
title={Proofs That Really Count: The Art of Combinatorial Proof},
author={Arthur T. Benjamin and Jennifer J. Quinn},
publisher={The Mathematical Association of America},
year=2003,
isbn={0-88385-333-7}
}

@Book{Biggs02,
title={Discrete Mathematics},
edition={second},
author={Norman L. Biggs},
publisher={Oxford University Press},
year=2002
}
                  
@book{Bollobas98, 
    AUTHOR = {B{\'e}la Bollob{\'a}s},
     TITLE = {Modern Graph Theory},
    SERIES = {Graduate Texts in Mathematics},
    VOLUME = {184},
 PUBLISHER = {Springer-Verlag},
   xxx-ADDRESS = {New York},
      YEAR = {1998},
     PAGES = {xiv+394},
      ISBN = {0-387-98488-7},
   MRCLASS = {05-01 (05-02 05Cxx)},
  MRNUMBER = {1633290 (99h:05001)},
MRREVIEWER = {Jerrold W. Grossman},
       DOI = {10.1007/978-1-4612-0619-4},
       URL = {http://dx.doi.org/10.1007/978-1-4612-0619-4},
note = {MR1633290}
}

@Book{Bona07, 
    AUTHOR = {Mikl{\'o}s B{\'o}na},
     TITLE = {Introduction to Enumerative Combinatorics},
    SERIES = {Walter Rudin Student Series in Advanced Mathematics},
      xxx-NOTE = {With a foreword by Richard Stanley},
 PUBLISHER = {McGraw Hill Higher Education},
 xxx-address={Boston, MA},
      YEAR = {2007},
     PAGES = {xvi+526},
      ISBN = {978-0-07-312561-9; 0-07-312561-X},
   MRCLASS = {05-01 (05Axx)},
  MRNUMBER = {2359513 (2008j:05001)},
MRREVIEWER = {Sergi Elizalde},
     note = {MR2359513},
}

@Book{Boolos74,
title={Computability and Logic},
author={George S. Boolos and Richard C. Jeffrey},
publisher={Cambridge University Press},
year=1974,
isbn={978-0521-85154-8}
}

                  
@Book{CormenLRS09,
title={Introduction to Algorithms},
edition={third},
author={Thomas H. Cormen and Charles E. Leiserson and Ronald L. Rivest
and Clifford Stein},
publisher={The MIT Press},
year=2009,
isbn={978-0-262-03384-8}
}

@Book{Cupillari12,
    author = {Antonella Cupillari},
     title = {The Nuts and Bolts of Proofs},
   edition = {fourth},
 publisher = {Academic Press},
      year = {2012},
      isbn = {978-0-12-382217-8},
note = {MR1818534},
}


@Article{Chow98,
title={The surprise examination or unexpected hanging paradox},
author={Timothy Y. Chow},
journal={American Mathematical Monthly},
year= 1998,
date = {January},
pages={41--51}
}

@Book{Fellerv168,
    author = {William Feller},
     title = {An Introduction to Probability Theory and Its
                  Applications.
              {V}ol. {I}},
    edition = {third},
 publisher = {John Wiley \& Sons Inc.},
   address = {New York},
      year = {1968},
     pages = {xviii+509},
   mrclass = {60.00},
  mrnumber = {0228020 (37 \#3604)},
mrreviewer = {J. G. Wendel},
      note = {MR0228020},
}

@Book{Gersting03,
title={Mathematical Structures for Computer Science: A Modern
Treatment of Discrete Mathematics},
edition={fifth},
author={Judith L. Gersting},
publisher={W. H. Freeman and Company},
year=2003
}

@Book{GoodaireP01,
title={Discrete Mathematics with Graph Theory},
edition={second},
author={Edgar G. Goodaire and Michael M. Parmenter},
publisher={Prentice Hall},
year=2001,
isbn={0-13-092000-2},
}

@Book{GrahamKP94,
title={Concrete Mathematics: A Foundation for Computer Science},
edition={second},
author={Ronald L. Graham and Donald E. Knuth and Oren Patashnik},
publisher={Addison-Wesley},
year=1994,
isbn={0-201-55802-5},
}

@Book{GrinsteadS97,
title={Introduction to Probability},
edition={second revised},
author={Charles M. Grinstead and J. Laurie Snell},
publisher={American Mathematical Society},
year=1997,
isbn={978-0-8218-0749-1}
}

@Book{HaggardSW05,
title={Discrete Mathematics for Computer Science},
author={Gary Haggard and John Schlipf and Sue Whitesides},
publisher={Brooks Cole},
year=2005,
isbn={978-0-534-49501-5}
}

@book{LovaszPV03,  
    AUTHOR = {L.\ Lov{\'a}sz and  J.\, Pelik{\'a}n and K.\ Vesztergombi},
     TITLE = {Discrete Mathematics: Elementary and Beyond},
    SERIES = {Undergraduate Texts in Mathematics},
      xxx-NOTE = {},
 PUBLISHER = {Springer-Verlag},
   xxx-ADDRESS = {New York},
      YEAR = {2003},
     PAGES = {x+290},
      ISBN = {0-387-95584-4},
   MRCLASS = {05-01 (11-01)},
  MRNUMBER = {1952453 (2004a:05001)},
MRREVIEWER = {Robin J. Wilson},
note = {MR1952453},
}

@Book{Malkiel03,
    author = {Burton Gordon Malkiel},
     title = {A Random Walk down Wall Street: The Time-tested Strategy
                  for Success},
 publisher = {W. W. Norton},
      year = 2003,
}

@Book{MichaelsR91,
title={Applications of Discrete Mathematics},
author={John G. Michaels and Kenneth H. Rosen},
publisher={McGraw-Hill},
year=1991,
isbn={0-07-041823-3}
}

@book{MotwaniR95,  
    AUTHOR = {Rajeev Motwani and Prabhakar Raghavan},
     TITLE = {Randomized Algorithms},
 PUBLISHER = {Cambridge University Press},
   xxx-ADDRESS = {Cambridge},
      YEAR = {1995},
     PAGES = {xiv+476},
      ISBN = {0-521-47465-5},
   MRCLASS = {65Cxx (60G42 60J20 65Yxx 68Q25)},
  MRNUMBER = {1344451 (96i:65003)},
MRREVIEWER = {Mark R. Jerrum},
note = {MR1344451,}
}

@book{Mitzenmacher05, 
    AUTHOR = {Michael Mitzenmacher and Eli Upfal},
     TITLE = {Probability and Computing: Randomized algorithms and
    probabilistic analysis},
 PUBLISHER = {Cambridge University Press},
   xxx-ADDRESS = {Cambridge},
      YEAR = {2005},
     PAGES = {xvi+352},
      ISBN = {0-521-83540-2},
   MRCLASS = {68-01 (60C05 60G42 60J10 60J25 60K25 68W20 68W40)},
  MRNUMBER = {2144605 (2006d:68002)},
MRREVIEWER = {Mark R. Jerrum},
note = {MR2144605},
}

@Book{Ross02,
title={A First Course in Probability},
edition={sixth},
author={Sheldon Ross},
publisher={Prentice Hall},
year=2002,
}


@Book{Rosen02,
title={Discrete Mathematics and Its Applications},
edition={fifth},
author={Kenneth H. Rosen},
publisher={McGraw Hill Higher Education},
year=2002,
isbn={0-07-119881-4}
}

@Book{LawlerC99,
title={Lectures on Contemporary Probability},
c-series={Student Mathematical Library},
c-volume=2,
author={Gregory F. Lawler and Lester N. Coyle},
publisher={American Mathematical Society},
year=1999,
isbn={0-8218-2029-X}
}

@Book{HartsfieldR03,
title={Pearls in Graph Theory: A Comprehensive Introduction},
author={Nora Hartsfield and Gerhard Ringel},
publisher={Dover Publications},
year=2003,
isbn={0-486-43232-7}
}

@Book{Diestel00,
title={Graph Theory},
edition={second},
author={Reinhard Diestel},
publisher={Springer-Verlag},
year=2000,
isbn={0-387-95014-1}
}


@Book{Even73,
title={Algorithmic Combinatorics},
author={Shimon Even},
publisher={Macmillan},
year=1973,
lcccn={72080178}
}

@Book{GareyJohnson70,
title={tba},
author={Michael Garey and David Johnson},
publisher={tba},
year=1970,
lcccn={tba}
}

@Book{Matiyasevich93,
title={Hilbert's Tenth Problem},
author={Yuri V. Matiyasevich},
publisher={MIT Press},
year=1993,
isbn={0-262-13295-8}
}

@Book{Fagin95,
title={Reasoning About Knowledge},
author={Ronald Fagin and Joseph Y. Halpern and Yoram Moses and Moshe T. Vardi},
publisher={MIT Press},
year=1995,
isbn={0-262-06162-7}
}

@Book{Flajolet09,
title={Analytic Combinatorics},
author={Philippe Flajolet and Robert Sedgewick},
publisher={Cambridge Univ. Press},
year=2009,
isbn={978-0-521-89806-5}
}

@Book{Gusfield89,
title={The Stable Marriage Problem: Structure and Algorithms},
author={Dan Gusfield and Robert W. Irving},
publisher={MIT Press},
address={Cambridge, Massachusetts},
year=1989,
isbn={9780262515528}}

@Article{Meyer69,
title={A note on star-free events},
author={Albert R. Meyer},
journal={J. Assoc. Comput. Machinery},
year={1969},
volume= {16},
number = 2,
date = {April}
pages={220-225}
}

@Article{Berkeley75,
title={Sex Bias in Graduate Admissions: Data from Berkeley},
author={P. J. Bickel1 and E. A. Hammel1 and J. W. O'Connell1},
journal={Science},
year={1975},
number= {4175},
volume= {187},
date = {7 February},
isbn={DOI: 10.1126/science.187.4175.398},
pages={398-404},
}

@Article{Gelfond34,
title={Sur le septi\`eme probl\`eme de Hilbert},
author={A. Gelfond},
journal={Bulletin de l'Acad\'emie des Sciences de l'URSS},
year=1934,
volume=4,
pages={623--634},
}

@Article{Paterson09,
title={Maximum Overhang},
author={Michael Paterson \emph{et al}.},
journal={MAA Monthly},
year=2009,
volume=116,
pages={763--787},
}

@Article{Stockmeyer73,
title={Planar 3-Colorability is Polynomial Complete},
author={Larry Stockmeyer},
journal={ACM SIGACT News},
year= 1973,
date = {July},
pages={19--25},
}

@Book{Stueben98,
title={Twenty Years Before the Blackboard},
author={Michael Stueben and Diane Sandford},
publisher={Mathematical Association of America},
year=1998
}


@Book{Machtey78,
title={An Introduction to the General Theory of Algorithms},
author={Michael Machtey and Paul Young},
publisher={Elsevier North-Holland},
year=1978,
isbn={0-44400226-X}
}

@Book{Polya57,
title={How to Solve It: A New Aspect of Mathematical Method},
edition={second},
author={G. Polya},
publisher={Princeton University Press},
firstyear=1957,
year=1971,
isbn={0-691-02356-5}
}

@Book{Ross01,
title={Probability Models for Computer Science},
author={Sheldon M. Ross},
publisher={Academic Press},
year=2001,
isbn={978-012-598051-7}
}

@Book{Shoup05,
title={A Computational Introduction to Number Theory and Algebra},
author={Victor Shoup},
publisher={Cambridge University Press},
year=2005
isbn={978-0521-85154-8}}

@Book{Schneierman12,
title={Mathematics: A Discrete Introduction},
edition={third},
author={Edward A. Scheinerman},
publisher={Brooks Cole},
year=2012,
isbn={978-0-8400-4942-1}
}

@Book{Strang86,
title={Introduction to Applied Mathematics},
author={Gilbert Strang},
publisher={Wellesley-Cambridge Press},
address={Wellesley, Massachusetts},
year=1986,
isbn={0-9614088-0-4}
}

@Book{Velleman94,
title={How To Prove It: A Structured Approach},
author={Daniel J. Velleman},
publisher={Cambridge University Press},
year=1994,
isbn={0-521-44663-5}
}

@Book{Wilf90,
title={generatingfunctionology},
author={Herbert S. Wilf},
publisher={Academic Press},
year=1990,
isbn={0-12-751955-6}
}

@book{Williams01, 
    AUTHOR = {David Williams},
     TITLE = {Weighing the Odds},
      xxx-NOTE = {A course in probability and statistics},
 PUBLISHER = {Cambridge University Press},
   xxx-ADDRESS = {Cambridge},
      YEAR = {2001},
     PAGES = {xviii+547},
      ISBN = {0-521-80356-X; 0-521-00618-X},
   MRCLASS = {60-01 (62-01)},
  MRNUMBER = {1854128 (2002i:60002)},
MRREVIEWER = {A. N. Philippou},
note = {MR1854128},
}